<?xml version="1.0" encoding="UTF-8"?><collection xmlns="http://www.loc.gov/MARC21/slim"><record><leader>00705nam--2200181-i-4500</leader><controlfield tag="001">000041575</controlfield><controlfield tag="002">20161230</controlfield><controlfield tag="005">20161230201043</controlfield><controlfield tag="008">060222s1000------------r-----000-0-eng-d</controlfield><datafield ind1=" " ind2=" " tag="040"><subfield code="a">IFIN-HH</subfield></datafield><datafield ind1=" " ind2=" " tag="080"><subfield code="a">539.422:620.172.24(061.3)</subfield></datafield><datafield ind1="1" ind2=" " tag="100"><subfield code="a">Sih, G.C</subfield></datafield><datafield ind1="1" ind2="0" tag="245"><subfield code="a">Absorbed specific energy and/or strain energy density criterion</subfield><subfield code="b">Proceedings of an international symposium held at the hungarian academy of sciences budapest, hungary, september 17-17, 1980 - in memory of the late professor laszlo gillemot</subfield><subfield code="c">G.c.sih, e. czoboly, f. gillemot</subfield></datafield><datafield ind1=" " ind2=" " tag="260"><subfield code="a">Budapest</subfield><subfield code="b">Akademia Kiado</subfield><subfield code="c">1982</subfield></datafield><datafield ind1=" " ind2=" " tag="300"><subfield code="a">XXIV + 409 P</subfield></datafield><datafield ind1="1" ind2=" " tag="700"><subfield code="a">Gillemot, F</subfield><subfield code="e">Ed</subfield></datafield><datafield ind1=" " ind2=" " tag="852"><subfield code="a">70384</subfield><subfield code="c">539.4</subfield></datafield><datafield ind1=" " ind2=" " tag="CAT"><subfield code="a">Sys</subfield><subfield code="c">20130129</subfield><subfield code="h">162012</subfield></datafield></record></collection>